@book{pharr,
	author = {Matt Pharr and Wenzel Jakob and Greg Humphreys},
	year = {2023},
	title = {Physically Based Rendering: From Theory to Implementation},
	publisher = {Morgan Kaufmann},
	edition = {4}
}

@book{akenine-moller,
	author = {Tomas Akenine-M\"{o}ller and Eric Haines and Naty Hoffman},
	year = {2018},
	title = {Real-Time Rendering, Fourth Edition},
	publisher = {A K Peters/CRC Press},
	edition = {4},
}

@book{pegoraro,
	author = {Vincent Pegoraro},
	year = {2016},
	title = {Handbook of Digital Image Synthesis: Scientific Foundations of Rendering},
	publisher = {A K Peters/CRC Press},
	edition = {1}
}

@book{rad-phot,
	author = {Ross McCluney},
	year = {2014},
	title = {Introduction to Radiometry and Photometry},
	publisher = {Artech House Publishers},
	edition = {2}
}

@book{dirk,
	author = {Dirk P. Kroese and Thomas Talmre and Zdravko I. Botev},
	year = {2011},
	title = {Handbook of Monte Carlo Methods},
	publisher = {Wiley},
	edition = {1}
}

@article{mask-shad-Heitz,
	author = {Eric Heitz},
	year = {2014},
	journal = {Journal of Computer Graphics Techniques},
	volume = {3},
	number = {2},
	title = {Understanding the Masking-Shadowing Function in Microfacet-Based BRDFs},
}

@article{cook-torrance,
	author = {Robert L. Cook and Kenneth E. Torrance},
	year = {1982},
	journal = {ACM Transactions on Graphics},
	volume = {1},
	number = {1},
	title = {A Reflectance Model for Computer Graphics}
}

@article{reflection-Nayar,
	author = {Shree K. Nayar and Katsushi Ikeuchi and Takeo Kanade},
	year = {1991},
	journal = {IEEE Transaction on Pattern Analysis and Machine Intelligence},
	volume = {13},
	number = {7},
	title = {Surface Reflection: Physical and Geometrical Perspectives}
}

@article{torrance-sparrow,
	author = {Kenneth E. Torrance and Ephraim M. Sparrow},
	year = {1967},
	journal = {Journal of the Optical Society of America},
	volume = {57},
	number = {9},
	title = {Theory for Off-Specular Reflection from Roughened Surfaces}
}

@inproceedings{microfacet-walter,
	author = {Bruce Walter and Stephen R. Marshner and Hongsong Li and Kenneth E. Torrance},
	year = {2007},
	booktitle = {Eurographics Symposium on Rendering 2007},
	title = {Microfacet Models for Refraction through Rough Surfaces}
}

@inproceedings{brdf-basis,
	author = {Szymon M. Rusinkiewicz},
	year = {1998},
	booktitle = {Eurographics Workshop on Rendering 1998},
	title = {A New Change of Variable for Efficient BRDF Representation}
}

@techreport{ashikmin-shirley,
	author = {Michael Ashikhmin and Peter Shirley},
	institution = {University of Utah},
	year = {2000},
	title = {An Anisotropic Phong Light Reflection Model}
}

@book{hecht,
  title={Optics},
  author={Hecht, Eugene},
  year={2002},
  publisher={Addison Wesley}
}
